<record><leader>00000cas a2200000 a 4500</leader><controlfield tag="001">14192176</controlfield><controlfield tag="008">860908d18651870msuir ne      0    0eng c</controlfield><datafield ind1=" " ind2=" " tag="010"><subfield code="a">sn 86077252 </subfield></datafield><datafield ind1=" " ind2=" " tag="040"><subfield code="a">NPA</subfield><subfield code="b">eng</subfield><subfield code="c">NPA</subfield><subfield code="d">MSJ</subfield><subfield code="d">ANU</subfield><subfield code="d">CRL</subfield><subfield code="d">NVF</subfield><subfield code="d">OCLCQ</subfield><subfield code="d">OCLCF</subfield><subfield code="d">OCLCO</subfield></datafield><datafield ind1=" " ind2=" " tag="042"><subfield code="a">pcc</subfield></datafield><datafield ind1=" " ind2=" " tag="043"><subfield code="a">n-us-ms</subfield></datafield><datafield ind1="0" ind2=" " tag="130"><subfield code="a">Tri-weekly clarion (Meridian, Miss. : 1865)</subfield></datafield><datafield ind1="1" ind2="0" tag="245"><subfield code="a">Tri-weekly clarion.</subfield></datafield><datafield ind1="3" ind2=" " tag="246"><subfield code="a">Triweekly clarion</subfield></datafield><datafield ind1="1" ind2=" " tag="246"><subfield code="i">Sometimes published as:</subfield><subfield code="a">Clarion</subfield></datafield><datafield ind1="3" ind2=" " tag="246"><subfield code="a">Clarion triweekly</subfield></datafield><datafield ind1=" " ind2=" " tag="260"><subfield code="a">Meridian, Miss. :</subfield><subfield code="b">J.J. Shannon &amp; Co.,</subfield><subfield code="c">-1870.</subfield></datafield><datafield ind1=" " ind2=" " tag="300"><subfield code="a">v.</subfield></datafield><datafield ind1=" " ind2=" " tag="310"><subfield code="a">Triweekly</subfield></datafield><datafield ind1="1" ind2=" " tag="362"><subfield code="a">Began in 1865.</subfield></datafield><datafield ind1="0" ind2=" " tag="362"><subfield code="a">-v. 6, no. 160 (Feb. 5, 1870).</subfield></datafield><datafield ind1=" " ind2=" " tag="500"><subfield code="a">Published in Jackson, Miss. after 1865.</subfield></datafield><datafield ind1=" " ind2=" " tag="525"><subfield code="a">Supplements accompany some issues.</subfield></datafield><datafield ind1=" " ind2=" " tag="588"><subfield code="a">Description based on: Vol. 1, no. 2 (Oct. 5, 1865).</subfield></datafield><datafield ind1=" " ind2="0" tag="651"><subfield code="a">Meridian (Miss.)</subfield><subfield code="v">Newspapers.</subfield></datafield><datafield ind1=" " ind2="0" tag="651"><subfield code="a">Jackson (Miss.)</subfield><subfield code="v">Newspapers.</subfield></datafield><datafield ind1=" " ind2="7" tag="655"><subfield code="a">Newspapers.</subfield><subfield code="2">fast</subfield><subfield code="0">(OCoLC)fst01423814</subfield></datafield><datafield ind1=" " ind2="7" tag="651"><subfield code="a">Mississippi</subfield><subfield code="z">Jackson.</subfield><subfield code="2">fast</subfield><subfield code="0">(OCoLC)fst01205500</subfield></datafield><datafield ind1=" " ind2="7" tag="651"><subfield code="a">Mississippi</subfield><subfield code="z">Meridian.</subfield><subfield code="2">fast</subfield><subfield code="0">(OCoLC)fst01209585</subfield></datafield><datafield ind1=" " ind2=" " tag="752"><subfield code="a">United States</subfield><subfield code="b">Mississippi</subfield><subfield code="c">Hinds</subfield><subfield code="d">Jackson.</subfield></datafield><datafield ind1=" " ind2=" " tag="752"><subfield code="a">United States</subfield><subfield code="b">Mississippi</subfield><subfield code="c">Lauderdale</subfield><subfield code="d">Meridian.</subfield></datafield><datafield ind1="0" ind2=" " tag="775"><subfield code="t">Daily clarion (Meridian, Miss. : 1863)</subfield><subfield code="w">(DLC)sn 83016892</subfield></datafield><datafield ind1="0" ind2=" " tag="775"><subfield code="t">Weekly clarion (Meridian, Miss. : 1863)</subfield><subfield code="w">(DLC)sn 83016926</subfield><subfield code="w">(OCoLC)10205879</subfield></datafield><datafield ind1="0" ind2=" " tag="775"><subfield code="t">Daily Mississippi clarion</subfield><subfield code="w">(DLC)sn 83045230</subfield></datafield><datafield ind1="0" ind2=" " tag="775"><subfield code="t">Daily Mississippi clarion and standard</subfield><subfield code="w">(DLC)sn 83045231</subfield></datafield><datafield ind1="0" ind2=" " tag="775"><subfield code="t">Daily clarion and standard</subfield><subfield code="w">(DLC)sn 83045180</subfield></datafield><datafield ind1="0" ind2=" " tag="775"><subfield code="t">Daily clarion (Jackson, Miss. : 1866)</subfield><subfield code="w">(DLC)sn 83045232</subfield><subfield code="w">(OCoLC)9390491</subfield></datafield><datafield ind1="0" ind2="0" tag="785"><subfield code="t">Semi-weekly clarion (Jackson, Miss.)</subfield><subfield code="w">(DLC)sn 87065276</subfield><subfield code="w">(OCoLC)15541337</subfield></datafield></record>